% Encoding: UTF-8


@Article{posner1981economics,
  Title                    = {The economics of privacy},
  Author                   = {Posner, Richard A},
  Journal                  = {American Economic Review},
  Year                     = {1981},
  Number                   = {2},
  Pages                    = {405--409},
  Volume                   = {71}
}

@Book{solove2010privacy,
  Title                    = {Understanding Privacy},
  Author                   = {Solove, Daniel J.},
  Publisher                = {Harvard University Press},
  Year                     = {2010},
  address ={Cambridge, MA},
  Owner                    = {ole},
  Timestamp                = {2016.03.14}
}

@Article{stigler1980introduction,
  author  = {Stigler, George J.},
  title   = {An introduction to privacy in economics and politics},
  year    = {1980},
  volume  = {9},
  number  = {4},
  pages   = {623--644},
  journal = {Journal of Legal Studies},
}
